@article{finn2017model,
  title={Model-Agnostic Meta-Learning for Fast Adaptation of Deep Networks},
  author={Finn, Chelsea and Abbeel, Pieter and Levine, Sergey},
  journal={arXiv preprint arXiv:1703.03400},
  year={2017}
}

@article{lake2015human,
  title={Human-level concept learning through probabilistic program induction},
  author={Lake, Brenden M and Salakhutdinov, Ruslan and Tenenbaum, Joshua B},
  journal={Science},
  volume={350},
  number={6266},
  pages={1332--1338},
  year={2015},
  publisher={American Association for the Advancement of Science}
}

@article{olah2017feature,
  author = {Olah, Chris and Mordvintsev, Alexander and Schubert, Ludwig},
  title = {Feature Visualization},
  journal = {Distill},
  year = {2017},
  note = {https://distill.pub/2017/feature-visualization},
  doi = {10.23915/distill.00007}
}

@article{maaten2008visualizing,
  title={Visualizing data using t-SNE},
  author={Maaten, Laurens van der and Hinton, Geoffrey},
  journal={Journal of Machine Learning Research},
  volume={9},
  number={Nov},
  pages={2579--2605},
  year={2008}
}

@article{wold1987principal,
  title={Principal component analysis},
  author={Wold, Svante and Esbensen, Kim and Geladi, Paul},
  journal={Chemometrics and intelligent laboratory systems},
  volume={2},
  number={1-3},
  pages={37--52},
  year={1987},
  publisher={Elsevier}
}

@inproceedings{ioffe2015batch,
  title={Batch normalization: Accelerating deep network training by reducing internal covariate shift},
  author={Ioffe, Sergey and Szegedy, Christian},
  booktitle={International Conference on Machine Learning},
  pages={448--456},
  year={2015}
}